
@book{wiener_extrapolation_1964,
  title = {Extrapolation, {{Interpolation}}, and {{Smoothing}} of {{Stationary Time Series}}},
  author = {Wiener, Norbert},
  year = {1964},
  publisher = {{The MIT Press}},
  isbn = {978-0-262-73005-1}
}


